001  0000065
005  20170603111534.595
008  170429s||||     bl|||||||||||||||||por|u
020    $a9788561458768
040    $aPorto Alegre$bpor
090    $a394.2(=414)(813.8)$bB152
110 0  $aBahia.Governo do Estado
245 10 $aBembé do mercado$cBahia.Governo do Estado
260    $aSalvador, BA$bIPAC$c2014
300    $a164 p.$bil. color.$e1 dvd
490 0  $aCadernos do IPAC$vn. 7
650    $aEtinográfia
650    $aReligião
650    $aCandomblé
650    $aTreze de maio
651    $aBahia
651    $aRecôncavo, BA
651    $aSalvador
